<?xml version="1.0" encoding="UTF-8"?>
<record xmlns="http://www.loc.gov/MARC21/slim" xmlns:xsi="http://www.w3.org/2001/XMLSchema-instance" xsi:schemaLocation="http://www.loc.gov/MARC21/slim http://www.loc.gov/standards/marcxml/schema/MARC21slim.xsd">
<leader>00000cam a22      a 4500</leader>
<controlfield tag="001">002812165</controlfield>
<controlfield tag="003">NNU</controlfield>
<controlfield tag="005">20150415173213.0</controlfield>
<controlfield tag="008">870309s1903    ua       b    000 1 ara d</controlfield>
<datafield tag="035" ind1=" " ind2=" ">
<subfield code="a">(OCoLC)58666216</subfield>
</datafield>
<datafield tag="040" ind1=" " ind2=" ">
<subfield code="a">N15</subfield>
<subfield code="b">eng</subfield>
<subfield code="c">N15</subfield>
<subfield code="d">OCLCG</subfield>
<subfield code="d">OCLCA</subfield>
<subfield code="d">OCLCF</subfield>
<subfield code="d">OCLCQ</subfield>
<subfield code="d">OCLCO</subfield>
<subfield code="d">NNU</subfield>
</datafield>
<datafield tag="050" ind1=" " ind2="4">
<subfield code="a">PJ7876.A9</subfield>
<subfield code="b">F32 1903</subfield>
</datafield>
<datafield tag="100" ind1="1" ind2=" ">
<subfield code="a">Zaydān, Jirjī,</subfield>
<subfield code="d">1861-1914</subfield>
<subfield code="6">880-01</subfield>
</datafield>
<datafield tag="245" ind1="1" ind2="0">
<subfield code="6">880-02</subfield>
<subfield code="a">Fatḥ al-Andalus :</subfield>
<subfield code="b">riwāyah tārīkhīyah gharāmīyah /</subfield>
<subfield code="c">taʼlīf Jirjī Zaydān.</subfield>
</datafield>
<datafield tag="260" ind1=" " ind2=" ">
<subfield code="6">880-03</subfield>
<subfield code="a">[Cairo] :</subfield>
<subfield code="b">Maṭbaʻat al-Ḥilāl,</subfield>
<subfield code="c">1903.</subfield>
</datafield>
<datafield tag="300" ind1=" " ind2=" ">
<subfield code="a">214 pages ;</subfield>
<subfield code="c">24 cm</subfield>
</datafield>
<datafield tag="336" ind1=" " ind2=" ">
<subfield code="a">text</subfield>
<subfield code="b">txt</subfield>
<subfield code="2">rdacontent</subfield>
</datafield>
<datafield tag="337" ind1=" " ind2=" ">
<subfield code="a">unmediated</subfield>
<subfield code="b">n</subfield>
<subfield code="2">rdamedia</subfield>
</datafield>
<datafield tag="338" ind1=" " ind2=" ">
<subfield code="a">volume</subfield>
<subfield code="b">nc</subfield>
<subfield code="2">rdacarrier</subfield>
</datafield>
<datafield tag="504" ind1=" " ind2=" ">
<subfield code="a">Includes bibliographical references.</subfield>
</datafield>
<datafield tag="600" ind1="0" ind2="0">
<subfield code="6">880-04</subfield>
<subfield code="a">Ṭāriq ibn Ziyād,</subfield>
<subfield code="d">active 711</subfield>
<subfield code="v">Fiction.</subfield>
</datafield>
<datafield tag="600" ind1="0" ind2="7">
<subfield code="a">Ṭāriq ibn Ziyād,</subfield>
<subfield code="d">active 711</subfield>
<subfield code="2">fast</subfield>
<subfield code="0">(OCoLC)fst01850252</subfield>
</datafield>
<datafield tag="655" ind1=" " ind2="7">
<subfield code="a">Fiction.</subfield>
<subfield code="2">fast</subfield>
<subfield code="0">(OCoLC)fst01423787</subfield>
</datafield>
<datafield tag="880" ind1="1" ind2=" ">
<subfield code="6">100-01/</subfield>
<subfield code="a">زيدان، جرجي،</subfield>
<subfield code="d">1861-1914..</subfield>
</datafield>
<datafield tag="880" ind1="1" ind2="0">
<subfield code="6">245-02/</subfield>
<subfield code="a">فتح الاندلس :</subfield>
<subfield code="b">رواية تاريخية غرامية /</subfield>
<subfield code="c">تأليف جرجي زيدان.</subfield>
</datafield>
<datafield tag="880" ind1=" " ind2=" ">
<subfield code="6">260-03/</subfield>
<subfield code="a">[القاهرة] :</subfield>
<subfield code="b">مطبعة الحلال،</subfield>
<subfield code="c">1903.</subfield>
</datafield>
<datafield tag="880" ind1="0" ind2="0">
<subfield code="6">600-04/</subfield>
<subfield code="a">طارق بن زياد،</subfield>
<subfield code="d">active 711</subfield>
<subfield code="v">Fiction.</subfield>
</datafield>
<datafield tag="OWN" ind1=" " ind2=" ">
<subfield code="a">GENERAL</subfield>
</datafield>
<datafield tag="AVA" ind1=" " ind2=" ">
<subfield code="a">NYU50</subfield>
<subfield code="b">BOBST</subfield>
<subfield code="c">Main Collection</subfield>
<subfield code="d">PJ7876.A9 F32 1903</subfield>
<subfield code="e">unavailable</subfield>
<subfield code="t">Unavailable</subfield>
<subfield code="f">1</subfield>
<subfield code="g">1</subfield>
<subfield code="h">N</subfield>
<subfield code="i">1</subfield>
<subfield code="j">MAIN</subfield>
<subfield code="k">0</subfield>
</datafield>
</record>
